@Article{Ebner,
year={2006},
issn={1389-2576},
journal={Genetic Programming and Evolvable Machines},
volume={7},
number={1},
doi={10.1007/s10710-006-7013-2},
title={Coevolution and the Red Queen effect shape virtual plants},
url={http://dx.doi.org/10.1007/s10710-006-7013-2},
publisher={Kluwer Academic Publishers},
keywords={Red Queen effect; Coevolution; Lindenmayer systems; Artificial plants},
author={Ebner, Marc},
pages={103-123},
language={English}
}
